@inproceedings{TestReference,
  author    = {Author One and Author Two},
  title     = {A Theoretical Work on Computer Science},
  booktitle = {30th Symposium on Comparative Irrelevance, Somewhere, Some Country},
  month     = jun,
  year      = 1999
}

@inproceedings{TestReference2,
  author    = {Author One and Author Two},
  title     = {A Theoretical Work on Computer Science},
  booktitle = {30th Symposium on Comparative Irrelevance, Somewhere, Some Country},
  month     = jun,
  year      = 1999
}

@online{Lehrplan21,
  title = {Lehrplan 21},
  url   = {https://lehrplan21.ch},
  note  = {Accessed on 01.02.2021}
}

@online{MedienUndInformatik,
  title = {Medien und Informatik},
  url   = {https://www.regionalkonferenzen.ch/medien-und-informatik},
  note  = {Accessed on 01.02.2021}
}