@book{BscThesisGuidelines,
  title = {Guidelines Bachelorâ€™s Thesis},
  author = {Department of Computer Science},
  publisher = {available at \url{https://www.inf.ethz.ch/studies/forms-and-documents.html}, accessed 27.12.2020},
}